
@book{Kornmeier2011,
	Author = {Marin Kornmeier},
	Date-Added = {2012-04-04 12:07:45 +0000},
	Date-Modified = {2012-04-04 12:09:25 +0000},
	Edition = {4.},
	Keywords = {Writing},
	Publisher = {UTB},
	Title = {Wissenschaftlich schreiben leicht gemacht},
	Year = {2011}}

@article{Vixie2007,
	Author = {Vixie, Paul},
	Date-Added = {2012-04-04 11:59:52 +0000},
	Date-Modified = {2012-04-04 12:00:08 +0000},
	Doi = {10.1145/1242489.1242499},
	Issn = {15427730},
	Journal = {Queue},
	Keywords = {IGT},
	Month = apr,
	Number = {3},
	Pages = {24},
	Title = {{DNS complexity}},
	Url = {http://portal.acm.org/citation.cfm?doid=1242489.1242499},
	Volume = {5},
	Year = {2007},
	Bdsk-Url-1 = {http://portal.acm.org/citation.cfm?doid=1242489.1242499},
	Bdsk-Url-2 = {http://dx.doi.org/10.1145/1242489.1242499}}
